@online{flurry,
    author = {Valadares, J.},
    date = {2011-07-11},
    title = {Free-to-play Revenue Overtakes Premium Revenue in the App Store},
    url =  {https://web.archive.org/web/20110810132946/http://blog.flurry.com/bid/65656/Free-to-play-Revenue-Overtakes-Premium-Revenue-in-the-App-Store},
    organization = {Flurry},
    addendum = {Archived from the original on 10th August 2011},
    urldate = {2020-05-21}
}

@online{recode,
    author = {Johnson, E.},
    date = {2014-04-14},
    title = {Some Gamers Fear a Dystopian Free-to-Play Future},
    url = {https://www.vox.com/2014/4/14/11625616/some-gamers-fear-a-dystopian-free-to-play-future},
    organization = {re/code, Vox},
    urldate = {2020-05-21}
}

@report{ukparliament,
    date = {2019-09-12},
    title = {Immersive and addictive technologies},
    url = {https://publications.parliament.uk/pa/cm201719/cmselect/cmcumeds/1846/184602.htm},
    institution = {Digital, Culture, Media and Sport Committee, House of Commons, UK Parliament},
    urldate = {2020-05-21}
}

@thesis{microtrans,
    author = {van Berlo, K. and Liblik, K.},
    title = {The business of micro transactions: What is the players' motivation for purchasing virtual items?},
    date = {2016-05-23},
    institution = {Jönköping University},
    type = {International Business School Master Thesis}
}

@online{psych,
    author = {Duverge, G.},
    title = {Insert More Coins: The Psychology Behind Microtransactions},
    date = {2016-02-25},
    url = {https://www.tuw.edu/psychology/psychology-behind-microtransactions/},
    organization = {Touro University WorldWide},
    urldate = {2020-05-21}    
}

@report{pzone,
    author = {Stuart, S. and Bedell, G. and Malster, T. and Shotbolt, V. and Shotbolt, M. and Linington, S. and Roberg, T. and Mahmood, Z.},
    title = {The Rip-Off Games: How the new business model of online gaming exploits children},
    date = {2019-08-29},
    institution = {Parent Zone}
}

@article{gambl,
    author = {Drummond, A. and Sauer, J. D.},
    title = {Video game loot boxes are psychologically akin to gambling},
    date = {2018-06-18},
    journaltitle = {Nature Human Behaviour},
    volume = {2},
    pages = {530-532}
}

@article{politics,
    author = {Winner, L.},
    title = {Do artifacts have politics?},
    journaltitle = {Daedalus},
    volume = {109},
    number = {1},
    issuetitle = {Modern Technology: Problem or Opportunity?},
    date = {1980},
    pages = {121-136},
    publisher = {The MIT Press on behalf of American Academy of Arts & Sciences}
}
